<?xml version="1.0" encoding="UTF-8"?><collection xmlns="http://www.loc.gov/MARC21/slim"><record><leader>00394nam--2200157-i-4500</leader><controlfield tag="001">000002690</controlfield><controlfield tag="002">20161230</controlfield><controlfield tag="005">20170306230528</controlfield><controlfield tag="008">060222s1000------------r-----000-0-eng-d</controlfield><datafield ind1=" " ind2=" " tag="100"><subfield code="a">Denis-Papin, Maurice</subfield></datafield><datafield ind1=" " ind2=" " tag="245"><subfield code="a">Metrologie generale</subfield></datafield><datafield ind1=" " ind2=" " tag="260"><subfield code="a">Paris</subfield><subfield code="b">Dunod</subfield><subfield code="c">1955</subfield></datafield><datafield ind1=" " ind2=" " tag="300"><subfield code="a">CIV+223 p.+lXIV</subfield></datafield><datafield ind1=" " ind2=" " tag="490"><subfield code="a">Aide-memoire Dunod</subfield></datafield><datafield ind1=" " ind2=" " tag="700"><subfield code="a">Vallot, Jacques</subfield></datafield><datafield ind1=" " ind2=" " tag="CAT"><subfield code="a">SYS</subfield><subfield code="c">20170306</subfield><subfield code="h">230528</subfield></datafield></record></collection>